<?xml version="1.0" encoding="UTF-8"?>
<collection xmlns:xsi="http://www.w3.org/2001/XMLSchema-instance" xsi:schemaLocation="http://www.loc.gov/MARC21/slim http://www.loc.gov/standards/marcxml/schema/MARC21slim.xsd" xmlns="http://www.loc.gov/MARC21/slim">
<record>
  <leader>01612cam a2200337 a 4500</leader>
  <controlfield tag="001">3068009</controlfield>
  <controlfield tag="003">NNC</controlfield>
  <controlfield tag="005">20130426015226.0</controlfield>
  <controlfield tag="008">840410s1951    ir c          000 0 arar </controlfield>
  <datafield tag="010" ind1=" " ind2=" ">
    <subfield code="a">   67001835 </subfield>
  </datafield>
  <datafield tag="035" ind1=" " ind2=" ">
    <subfield code="a">(OCoLC)ocm10614171</subfield>
  </datafield>
  <datafield tag="035" ind1=" " ind2=" ">
    <subfield code="9">ATP0425CU</subfield>
  </datafield>
  <datafield tag="035" ind1=" " ind2=" ">
    <subfield code="a">(NNC)3068009</subfield>
  </datafield>
  <datafield tag="040" ind1=" " ind2=" ">
    <subfield code="a">DLC</subfield>
    <subfield code="c">IUL</subfield>
    <subfield code="d">OCL</subfield>
    <subfield code="d">ZCU</subfield>
  </datafield>
  <datafield tag="050" ind1=" " ind2=" ">
    <subfield code="a">BP88.M78</subfield>
    <subfield code="b">A78</subfield>
  </datafield>
  <datafield tag="099" ind1=" " ind2=" ">
    <subfield code="a">893.796</subfield>
    <subfield code="a">M8993</subfield>
  </datafield>
  <datafield tag="100" ind1="1" ind2=" ">
    <subfield code="a">Mufīd, Muḥammad ibn Muḥammad,</subfield>
    <subfield code="d">-1022.</subfield>
  </datafield>
  <datafield tag="245" ind1="1" ind2="0">
    <subfield code="a">Awā'il al-maqālāt fī al-madhāhib wa-al-mukhtārāt /</subfield>
    <subfield code="c">ta'līf al-Mufīd Muḥammad ibn al-Nuʻmān ; lahā muqaddimah wa-ʻalayhā taʻlīqāt bi-qalam Faḍl Allāh al-Zanjānī. Wa-yalīhā Risālat Sharḥ ʻAqā'id al-Ṣadūq, aw, Taṣḥīḥ al-Iʻtiqād / ʻallaqa ʻalayhā wa-waḍaʻa muqaddimah lahā Hibat al-Dīn al-Shahrastānī.</subfield>
  </datafield>
  <datafield tag="250" ind1=" " ind2=" ">
    <subfield code="a">al-Ṭabʻah 2.</subfield>
  </datafield>
  <datafield tag="260" ind1=" " ind2=" ">
    <subfield code="a">Tabrīz :</subfield>
    <subfield code="b">Maktabat Ḥaqīqat,</subfield>
    <subfield code="c">1330 [1951 or 1952]</subfield>
  </datafield>
  <datafield tag="300" ind1=" " ind2=" ">
    <subfield code="a">1 v. (various pagings) :</subfield>
    <subfield code="b">ports. ;</subfield>
    <subfield code="c">25 cm.</subfield>
  </datafield>
  <datafield tag="650" ind1=" " ind2="0">
    <subfield code="a">Islam</subfield>
    <subfield code="x">Doctrines</subfield>
    <subfield code="v">Early works to 1800.</subfield>
  </datafield>
  <datafield tag="630" ind1="0" ind2="0">
    <subfield code="a">Qurʼan</subfield>
    <subfield code="x">Criticism, interpretation, etc.</subfield>
  </datafield>
  <datafield tag="600" ind1="1" ind2="0">
    <subfield code="a">Ibn Bābawayh al-Qummī, Muḥammad ibn ʻAlī,</subfield>
    <subfield code="d">918 or 919-991 or 992.</subfield>
    <subfield code="t">Iʻtiqādāt al-Imāmīyah.</subfield>
  </datafield>
  <datafield tag="650" ind1=" " ind2="0">
    <subfield code="a">Shiites.</subfield>
  </datafield>
  <datafield tag="650" ind1=" " ind2="0">
    <subfield code="a">Motazilites.</subfield>
  </datafield>
  <datafield tag="700" ind1="1" ind2=" ">
    <subfield code="a">Mufīd, Muḥammad ibn Muḥammad,</subfield>
    <subfield code="d">-1022.</subfield>
    <subfield code="t">Sharḥ ʻAqā'id al-Ṣadūq.</subfield>
  </datafield>
  <datafield tag="700" ind1="1" ind2=" ">
    <subfield code="a">Zanjānī, Faḍl Allāh,</subfield>
    <subfield code="d">1886-1954.</subfield>
  </datafield>
  <datafield tag="700" ind1="1" ind2=" ">
    <subfield code="a">Shahrastānī, Hibat al-Dīn Muḥammad.</subfield>
  </datafield>
  <datafield tag="700" ind1="1" ind2=" ">
    <subfield code="a">Mufīd, Muḥammad ibn Muḥammad,</subfield>
    <subfield code="d">-1022.</subfield>
    <subfield code="t">Taṣḥīh al-Iʻtiqād al-Imāmīyah.</subfield>
  </datafield>
  <datafield tag="955" ind1=" " ind2=" ">
    <subfield code="b">CU58864741</subfield>
    <subfield code="d">off,glx</subfield>
    <subfield code="e">893.796 M8993</subfield>
  </datafield>
</record>
</collection>